<?xml version="1.0" encoding="UTF-8"?><collection><record><leader>02329ntm a2200361 a 4500</leader><controlfield tag="001">002641735</controlfield><controlfield tag="003">MiAaHDL</controlfield><controlfield tag="005">20190719000000.0</controlfield><controlfield tag="006">m        d        </controlfield><controlfield tag="007">cr bn ---auaua</controlfield><controlfield tag="008">930712q18551868xx            00| | ara d</controlfield><datafield tag="035" ind1=" " ind2=" "><subfield code="a">(MiU)002641735</subfield></datafield><datafield tag="035" ind1=" " ind2=" "><subfield code="a">sdr-miu002641735</subfield></datafield><datafield tag="035" ind1=" " ind2=" "><subfield code="a">(OCoLC)34366798</subfield></datafield><datafield tag="035" ind1=" " ind2=" "><subfield code="a">(RLIN)MIUH93-A205</subfield></datafield><datafield tag="040" ind1=" " ind2=" "><subfield code="a">MiU</subfield><subfield code="c">MiU</subfield><subfield code="e">appm</subfield></datafield><datafield tag="100" ind1="1" ind2=" "><subfield code="6">880-01</subfield><subfield code="a">Ḥamzah, Maḥmūd ibn Muḥammad Nasīb,</subfield><subfield code="d">1821-1887.</subfield></datafield><datafield tag="245" ind1="1" ind2="0"><subfield code="6">880-02</subfield><subfield code="a">Durr al-asrār :</subfield><subfield code="k">manuscript,</subfield><subfield code="f">[between 1855 and 1868].</subfield></datafield><datafield tag="300" ind1=" " ind2=" "><subfield code="a">1</subfield><subfield code="f">v. ([449] p.) ;</subfield><subfield code="c">28 cm</subfield></datafield><datafield tag="500" ind1=" " ind2=" "><subfield code="a">On pp. [1-2], text decorated with gold ʻunwān and borders; Koranic text and chapter headings in purple (chapter headings sometimes separated from text with red rules), commentary in black; marginal corrections in hand of copyist; marginal notations in purple indicate chapter headings and division of Koranic text into 30 sections; author's name found in notations in upper left corners of pages marking beginning of each kurrāsah, many of these notations have been cut away.</subfield></datafield><datafield tag="500" ind1=" " ind2=" "><subfield code="a">Dates in copyist's notation on p. [165]: wa-kamala al-awwal wa-huwa al-aṣl al-musawwad mimmā ḥarrarahu al-mawlá al-hammām Maḥmūd wa-sammā Durr al-asrār sādis al-Muḥarram ʻām 1272 [i.e. 18 September 1855] wa-ḥaṣal rasm suṭūrihi wa-waṣala kamāl surūrihi wasaṭ hilāl al-rasūl al-akram ʻām 1284 [i.e. 1867 or 8] ... ḥarrarahu mawlá al-salām sāmaḥahu mawlāhu al-malik al-ʻādil al-ʻallām. Date in colophon: sanat 1274 [1857 or 8].</subfield></datafield><datafield tag="500" ind1=" " ind2=" "><subfield code="a">Text (not this copy) published.</subfield></datafield><datafield tag="520" ind1=" " ind2=" "><subfield code="a">Commentary on the Koran.</subfield></datafield><datafield tag="538" ind1=" " ind2=" "><subfield code="a">Mode of access: Internet.</subfield></datafield><datafield tag="541" ind1=" " ind2=" "><subfield code="d">1924</subfield><subfield code="3">Manuscript</subfield><subfield code="a">Anonymous</subfield><subfield code="c">Purchase, 1924</subfield><subfield code="h">$50.00</subfield></datafield><datafield tag="545" ind1=" " ind2=" "><subfield code="a">Mufti (chief judge) of Damascus.</subfield></datafield><datafield tag="561" ind1=" " ind2=" "><subfield code="a">Purchased in Cairo, 1924. Once part of the personal manuscript collection of Sultan Abdülhamid II of Turkey.</subfield></datafield><datafield tag="630" ind1="0" ind2="0"><subfield code="a">Qurʼan</subfield><subfield code="v">Commentaries.</subfield></datafield><datafield tag="650" ind1=" " ind2="0"><subfield code="a">Manuscripts, Arabic</subfield><subfield code="z">Michigan</subfield><subfield code="z">Ann Arbor.</subfield></datafield><datafield tag="700" ind1="0" ind2=" "><subfield code="a">Abdülhamid</subfield><subfield code="b">II,</subfield><subfield code="c">Sultan of the Turks,</subfield><subfield code="d">1842-1918,</subfield><subfield code="e">former owner.</subfield></datafield><datafield tag="773" ind1="0" ind2=" "><subfield code="a">Abdul Hamid Collection.</subfield><subfield code="7">unbc</subfield><subfield code="w">(CStRLIN)MIUH92-A187.</subfield></datafield><datafield tag="880" ind1="1" ind2="0"><subfield code="6">245-02/</subfield><subfield code="a">در الأسرار :</subfield><subfield code="k">manuscript،</subfield><subfield code="f">[1855 and 1868].</subfield></datafield><datafield tag="880" ind1="1" ind2=" "><subfield code="6">100-01/</subfield><subfield code="a">محمود بن محمد نسيب حمزة.</subfield></datafield><datafield tag="CID" ind1=" " ind2=" "><subfield code="a">002641735</subfield></datafield><datafield tag="DAT" ind1="0" ind2=" "><subfield code="a">20190719102633.0</subfield><subfield code="b">20190719000000.0</subfield></datafield><datafield tag="DAT" ind1="1" ind2=" "><subfield code="a">20190719090653.0</subfield><subfield code="b">2019-07-19T16:10:46Z</subfield></datafield><datafield tag="DAT" ind1="2" ind2=" "><subfield code="a">2015-10-10T18:00:06Z</subfield></datafield><datafield tag="CAT" ind1=" " ind2=" "><subfield code="a">SDR-MIU</subfield><subfield code="d">EX LIBRIS - ALEPH</subfield><subfield code="l">prepare.pl-004-008</subfield></datafield><datafield tag="FMT" ind1=" " ind2=" "><subfield code="a">BK</subfield></datafield><datafield tag="HOL" ind1=" " ind2=" "><subfield code="0">sdr-miu002641735</subfield><subfield code="a">MiU</subfield><subfield code="b">SDR</subfield><subfield code="c">MIU</subfield><subfield code="p">mdp.39015081446133</subfield><subfield code="s">MIU</subfield><subfield code="1">002641735</subfield></datafield><datafield tag="974" ind1=" " ind2=" "><subfield code="b">MIU</subfield><subfield code="c">MIU</subfield><subfield code="d">20190719</subfield><subfield code="s">lit-dlps-dc</subfield><subfield code="u">mdp.39015081446133</subfield><subfield code="y">1868</subfield><subfield code="r">pd</subfield><subfield code="q">bib</subfield><subfield code="t">non-US bib date2 &lt; 1896</subfield></datafield></record></collection>